---
---
References
==========

@inproceedings{misra2018decomposing,
  title={Decomposing fit semantics for product size recommendation in metric spaces},
  author={Misra, Rishabh and Wan, Mengting and McAuley, Julian},
  booktitle={Proceedings of the 12th ACM Conference on Recommender Systems},
  pages={422--426},
  year={2018}
}
